@book{giacovazzo2002fundamentals,
  title={{Fundamentals of Crystallography}},
  author={Giacovazzo, C.},
  year={2002},
  publisher={Oxford University Press, USA}
}

@article{henrich2009pilatus,
title = "PILATUS: A single photon counting pixel detector for X-ray applications",
journal = "Nuclear Instruments and Methods in Physics Research Section A: Accelerators, Spectrometers, Detectors and Associated Equipment",
volume = "607",
number = "1",
pages = "247 - 249",
year = "2009",
note = "Radiation Imaging Detectors 2008 - Proceedings of the 10th International Workshop on Radiation Imaging Detectors",
issn = "0168-9002",
doi = "DOI: 10.1016/j.nima.2009.03.200",
author = "B. Henrich and A. Bergamaschi and C. Broennimann and R. Dinapoli and E.F. Eikenberry and I. Johnson and M. Kobas and P. Kraft and A. Mozzanica and B. Schmitt",
keywords = "Hybrid pixel detector",
keywords = "Single photon counting",
keywords = "X-ray diffraction",
keywords = "Phase-contrast imaging"
}

@article{holton2008simulated,
   Author = {Holton, J. M.},
   Title = {There and back again: using simulated diffraction images to optimize data processing by ELVES},
   Journal = {Acta Crystallographica Section A},
   Volume = {64},
   Number = {Supplement},
   Pages = {C77},
   Year = {2008}
}
      
@article{leslie1999integration,
author = "Leslie, A. G. W.",
title = "{Integration of macromolecular diffraction data}",
journal = "Acta Crystallographica Section D",
year = "1999",
volume = "55",
number = "10",
pages = "1696--1702",
month = "Oct",
doi = {10.1107/S090744499900846X},
url = {http://dx.doi.org/10.1107/S090744499900846X},
}

@article{leslie2006integration,
author = "Leslie, Andrew G. W.",
title = "{The integration of macromolecular diffraction data}",
journal = "Acta Crystallographica Section D",
year = "2006",
volume = "62",
number = "1",
pages = "48--57",
month = "Jan",
doi = {10.1107/S0907444905039107},
url = {http://dx.doi.org/10.1107/S0907444905039107},
}

@article{leslie1992recent,
  title={{Recent changes to the MOSFLM package for processing film and image plate data}},
  author={Leslie, AGW},
  journal={Joint CCP4 and ESF-EAMCB Newsletter on Protein Crystallography},
  volume={26},
  pages={11--20},
  year={1992}
}

@article{rossmann1979processing,
author = "Rossmann, M. G.",
title = "{Processing oscillation diffraction data for very large unit cells with an automatic convolution technique and profile fitting}",
journal = "Journal of Applied Crystallography",
year = "1979",
volume = "12",
number = "2",
pages = "225--238",
month = "Apr",
doi = {10.1107/S0021889879012218},
}

@book{arndt1977rotation,
  title={{The Rotation Method in Crystallography}},
  author={Arndt, U.W. and Wonacott, AJ},
  year={1977},
  publisher={North-Holland Amsterdam}
}

@book{bevington1992data,
  title={{Data Reduction and Error Analysis for the Physical Sciences}},
  author={Bevington, P.R. and Robinson, D.K.},
  edition={Second},
  year={1992},
  publisher={McGraw-Hill}
}


@article{schreurs2010eval15,
author = "Schreurs, Antoine M. M. and Xian, Xinyi and Kroon-Batenburg, Loes M. J.",
title = "{{\it EVAL15}: a diffraction data integration method based on {\it ab initio} predicted profiles}",
journal = "Journal of Applied Crystallography",
year = "2010",
volume = "43",
number = "1",
pages = "70--82",
month = "Feb",
doi = {10.1107/S0021889809043234},
url = {http://dx.doi.org/10.1107/S0021889809043234},
}

@article{Busing1967diffractometers,
author = "Busing, W. R. and Levy, H. A.",
title = "{Angle calculations for 3- and 4-circle X-ray and neutron diffractometers}",
journal = "Acta Crystallographica",
year = "1967",
volume = "22",
number = "4",
pages = "457--464",
month = "Apr",
doi = {10.1107/S0365110X67000970},
url = {http://dx.doi.org/10.1107/S0365110X67000970},
}

@manual{PDB1992atomic,
  title={Atomic Coordinate and Bibliographic Entry Format Description},
  author={PDB},
  journal={Brookhaven National Laboratory, Brookhaven, NY},
  year={1992},
  url = {http://www.wwpdb.org/documentation/PDB_format_1992.pdf},
}

@article{GrosseKunstleve2002cctbx,
author = "Grosse-Kunstleve, Ralf W. and Sauter, Nicholas K. and Moriarty, Nigel W. and Adams, Paul D.",
title = "{The {\it Computational Crystallography Toolbox}: crystallographic algorithms in a reusable software framework}",
journal = "Journal of Applied Crystallography",
year = "2002",
volume = "35",
number = "1",
pages = "126--136",
month = "Feb",
doi = {10.1107/S0021889801017824},
url = {http://dx.doi.org/10.1107/S0021889801017824},
}

@article{Paciorek1999geometry,
author = "Paciorek, W. A. and Meyer, M. and Chapuis, G.",
title = "{On the geometry of a modern imaging diffractometer}",
journal = "Acta Crystallographica Section A",
year = "1999",
volume = "55",
number = "3",
pages = "543--557",
month = "May",
doi = {10.1107/S0108767398015037},
url = {http://dx.doi.org/10.1107/S0108767398015037},
}

@OTHER{ruppwebb_transformation,
author = {Bernhard Rupp},
title = {Coordinate system transformation},
url = {http://www.ruppweb.org/xray/tutorial/Coordinate%20system%20transformation.htm},
}

@incollection{Berstein2006imagedata,
author = {Berstein, Herbert J.},
title = {Classification and use of image data},
booktitle = {International Tables for Crystallography},
publisher = "IUCr",
volume = "G",
chapter = "3.7",
pages = "199-205",
year = "2006",
url = {http://it.iucr.org/Ga/ch3o7v0001/},
}

@incollection{Hammersley2006imgCIF,
author = {Hammersley, A. P. and Berstein, H. J. and Westbrook, D.},
title = {Image dictionary (imgCIF)},
booktitle = {International Tables for Crystallography},
publisher = "IUCr",
volume = "G",
chapter = "4.6",
pages = "444-458",
year = "2006",
url = {http://it.iucr.org/Ga/ch4o6v0001/},
}

@INPROCEEDINGS{Bricogne1987EEC,
author = "Bricogne, G.",
title = "{The EEC Cooperative Programming Workshop on Position-Sensitive Detector Software}",
booktitle = "Proceedings of the CCP4 Daresbury Study Weekend",
year = "1987",
pages = "120-145",
month = "Jan",
}

@PROCEEDINGS{LURE1,
title = "{Proceedings of the EEC Cooperative Workshop on Position-Sensitive Detector Software (Phases I & II)}",
year = "1986",
month = "May to June",
address = "Paris",
organization = "L.U.R.E.",
}

@PROCEEDINGS{LURE2_3,
title = "{Proceedings of the EEC Cooperative Workshop on Position-Sensitive Detector Software (Phase III)}",
year = "1986",
month = "November",
address = "Paris",
organization = "L.U.R.E.",
}

